<record><leader>00000cas a2200000 i 4500</leader><controlfield tag="001">16886005</controlfield><controlfield tag="008">871022d18951895inudn ne      0    0eng c</controlfield><datafield ind1=" " ind2=" " tag="010"><subfield code="a">sn 87056681 </subfield></datafield><datafield ind1=" " ind2=" " tag="040"><subfield code="a">NPI</subfield><subfield code="b">eng</subfield><subfield code="e">rda</subfield><subfield code="c">NPI</subfield><subfield code="d">OCLCQ</subfield><subfield code="d">IUL</subfield><subfield code="d">OCLCF</subfield></datafield><datafield ind1=" " ind2=" " tag="042"><subfield code="a">pcc</subfield></datafield><datafield ind1=" " ind2=" " tag="043"><subfield code="a">n-us-in</subfield></datafield><datafield ind1="0" ind2="0" tag="245"><subfield code="a">Fort Wayne times-post.</subfield></datafield><datafield ind1=" " ind2="1" tag="264"><subfield code="a">Fort Wayne, Ind. :</subfield><subfield code="b">Times-Post Co.,</subfield><subfield code="c">1895.</subfield></datafield><datafield ind1=" " ind2=" " tag="300"><subfield code="a">1 volume</subfield></datafield><datafield ind1=" " ind2=" " tag="310"><subfield code="a">Daily (except Sunday)</subfield></datafield><datafield ind1=" " ind2=" " tag="336"><subfield code="a">text</subfield><subfield code="b">txt</subfield><subfield code="2">rdacontent</subfield></datafield><datafield ind1=" " ind2=" " tag="337"><subfield code="a">unmediated</subfield><subfield code="b">n</subfield><subfield code="2">rdamedia</subfield></datafield><datafield ind1=" " ind2=" " tag="338"><subfield code="a">volume</subfield><subfield code="b">nc</subfield><subfield code="2">rdacarrier</subfield></datafield><datafield ind1="0" ind2=" " tag="362"><subfield code="a">Vol. 1, no. 1 (May 25, 1895)-v. 1, no. 140 (Nov. 5, 1895).</subfield></datafield><datafield ind1=" " ind2="0" tag="651"><subfield code="a">Fort Wayne (Ind.)</subfield><subfield code="v">Newspapers.</subfield></datafield><datafield ind1=" " ind2="0" tag="651"><subfield code="a">Allen County (Ind.)</subfield><subfield code="v">Newspapers.</subfield></datafield><datafield ind1=" " ind2="7" tag="655"><subfield code="a">Newspapers.</subfield><subfield code="2">fast</subfield><subfield code="0">(OCoLC)fst01423814</subfield></datafield><datafield ind1=" " ind2="7" tag="651"><subfield code="a">Indiana</subfield><subfield code="z">Allen County.</subfield><subfield code="2">fast</subfield><subfield code="0">(OCoLC)fst01207514</subfield></datafield><datafield ind1=" " ind2="7" tag="651"><subfield code="a">Indiana</subfield><subfield code="z">Fort Wayne.</subfield><subfield code="2">fast</subfield><subfield code="0">(OCoLC)fst01204891</subfield></datafield><datafield ind1=" " ind2=" " tag="752"><subfield code="a">United States</subfield><subfield code="b">Indiana</subfield><subfield code="c">Allen</subfield><subfield code="d">Fort Wayne.</subfield></datafield><datafield ind1="0" ind2="0" tag="780"><subfield code="t">Monday morning times</subfield></datafield><datafield ind1="0" ind2="0" tag="785"><subfield code="t">Fort Wayne evening post</subfield><subfield code="w">(DLC)sn 87056682</subfield><subfield code="w">(OCoLC)16885975</subfield></datafield><datafield ind1="4" ind2="1" tag="856"><subfield code="u">https://access.newspaperarchive.com/us/indiana/fort-wayne/fort-wayne-times-post/</subfield></datafield></record>